

@incollection{huck2006taug,
  title={TAUg: Runtime global performance data access using MPI},
  author={Huck, Kevin A and Malony, Allen D and Shende, Sameer and Morris, Alan},
  booktitle={Recent Advances in Parallel Virtual Machine and Message Passing Interface},
  pages={313--321},
  year={2006},
  publisher={Springer}
}



@inproceedings{Malony2014,
  doi = {10.1109/pdp.2014.38},
  url = {http://dx.doi.org/10.1109/PDP.2014.38},
  year  = {2014},
  month = {feb},
  publisher = {{IEEE}},
  author = {Allen D. Malony and Kevin A. Huck},
  title = {General Hybrid Parallel Profiling},
  booktitle = {2014 22nd Euromicro International Conference on Parallel,  Distributed,  and Network-Based Processing}
}

