@incollection{huck2006taug,
  title={TAUg: Runtime global performance data access using MPI},
  author={Huck, Kevin A and Malony, Allen D and Shende, Sameer and Morris, Alan},
  booktitle={Recent Advances in Parallel Virtual Machine and Message Passing Interface},
  pages={313--321},
  year={2006},
  publisher={Springer}
}


@inproceedings{kaiser2014hpx,
  title={HPX: A task based programming model in a global address space},
  author={Kaiser, Hartmut and Heller, Thomas and Adelstein-Lelbach, Bryce and Serio, Adrian and Fey, Dietmar},
  booktitle={Proceedings of the 8th International Conference on Partitioned Global Address Space Programming Models},
  pages={6},
  year={2014},
  organization={ACM}
}


@inproceedings{agelastos2014lightweight,
  title={The lightweight distributed metric service: a scalable infrastructure for continuous monitoring of large scale computing systems and applications},
  author={Agelastos, Anthony and Allan, Benjamin and Brandt, Jim and Cassella, Paul and Enos, Jeremy and Fullop, Joshi and Gentile, Ann and Monk, Steve and Naksinehaboon, Nichamon and Ogden, Jeff and others},
  booktitle={Proceedings of the International Conference for High Performance Computing, Networking, Storage and Analysis},
  pages={154--165},
  year={2014},
  organization={IEEE Press}
}



@inproceedings{aaziz2015push,
  title={Push Me Pull You: Integrating Opposing Data Transport Modes for Efficient HPC Application Monitoring},
  author={Aaziz, Omar and Cook, Jonathan and Sharifi, Hadi},
  booktitle={Cluster Computing (CLUSTER), 2015 IEEE International Conference on},
  pages={674--681},
  year={2015},
  organization={IEEE}
}



@inproceedings{evans2014comprehensive,
  title={Comprehensive resource use monitoring for hpc systems with tacc stats},
  author={Evans, Todd and Barth, William L and Browne, James C and DeLeon, Robert L and Furlani, Thomas R and Gallo, Steven M and Jones, Matthew D and Patra, Abani K},
  booktitle={Proceedings of the First International Workshop on HPC User Support Tools},
  pages={13--21},
  year={2014},
  organization={IEEE Press}
}


@inproceedings{da2014architecture,
  title={An architecture to evaluate Scalability, Adaptability and Accuracy in cloud monitoring systems},
  author={da Cunha Rodrigues, Guilherme and Lessa dos Santos, Glederson and Tavares Guimaraes, Vinicius and Zambenedetti Granville, Lisandro and Rockenbach Tarouco, Liane Margarida},
  booktitle={Information Networking (ICOIN), 2014 International Conference on},
  pages={46--51},
  year={2014},
  organization={IEEE}
}



@inproceedings{wang2011flexible,
  title={A flexible architecture integrating monitoring and analytics for managing large-scale data centers},
  author={Wang, Chengwei and Schwan, Karsten and Talwar, Vanish and Eisenhauer, Greg and Hu, Liting and Wolf, Matthew},
  booktitle={Proceedings of the 8th ACM international conference on Autonomic computing},
  pages={141--150},
  year={2011},
  organization={ACM}
}


@inproceedings{gu1995falcon,
  title={Falcon: On-line monitoring and steering of large-scale parallel programs},
  author={Gu, Weiming and Eisenhauer, Greg and Kraemer, Eileen and Schwan, Karsten and Stasko, John and Vetter, Jeffrey and Mallavarupu, Nirupama},
  booktitle={Frontiers of Massively Parallel Computation, 1995. Proceedings. Frontiers' 95., Fifth Symposium on the},
  pages={422--429},
  year={1995},
  organization={IEEE}
}


@inproceedings{tesser2012dimvhcm,
  title={DIMVHCM: An on-line distributed monitoring data collection model},
  author={Tesser, Rafael Keller and Navaux, Philippe Olivier Alexandre},
  booktitle={Parallel, Distributed and Network-Based Processing (PDP), 2012 20th Euromicro International Conference on},
  pages={37--41},
  year={2012},
  organization={IEEE}
}



@inproceedings{dayal2014flexpath,
  title={Flexpath: Type-based publish/subscribe system for large-scale science analytics},
  author={Dayal, Jai and Bratcher, Dick and Eisenhauer, Greg and Schwan, Karsten and Wolf, Michael and Zhang, Xuechen and Abbasi, Hasan and Klasky, Scott and Podhorszki, Norbert},
  booktitle={Cluster, Cloud and Grid Computing (CCGrid), 2014 14th IEEE/ACM International Symposium on},
  pages={246--255},
  year={2014},
  organization={IEEE}
}


@inproceedings{katsaros2011building,
  title={Building a service-oriented monitoring framework with rest and nagios},
  author={Katsaros, Gregory and Kubert, Roland and Gallizo, Georgina},
  booktitle={Services Computing (SCC), 2011 IEEE International Conference on},
  pages={426--431},
  year={2011},
  organization={IEEE}
}


@inproceedings{kutare2010monalytics,
  title={Monalytics: online monitoring and analytics for managing large scale data centers},
  author={Kutare, Mahendra and Eisenhauer, Greg and Wang, Chengwei and Schwan, Karsten and Talwar, Vanish and Wolf, Matthew},
  booktitle={Proceedings of the 7th international conference on Autonomic computing},
  pages={141-150},
  year={2010},
  organization={ACM}
}


@article{massie2004ganglia,
  title={The ganglia distributed monitoring system: design, implementation, and experience},
  author={Massie, Matthew L and Chun, Brent N and Culler, David E},
  journal={Parallel Computing},
  volume={30},
  number={7},
  pages={817--840},
  year={2004},
  publisher={Elsevier}
}


@article{zhang2016wowmon,
  title={WOWMON: A Machine Learning-based Profiler for Self-adaptive Instrumentation of Scientific Workflows},
  author={Zhang, Xuechen and Abbasi, Hasan and Huck, Kevin and Malony, Allen},
  journal={Procedia Computer Science},
  volume={80},
  pages={1507--1518},
  year={2016},
  publisher={Elsevier}
}
